@Book{book:unixprog,
author = {Eric Steven Raymond},
title = {The Art of Unix Programming},
publisher = {Pearson Education},
year = {2003},
howpublished = {\url{http://www.catb.org/esr/writings/taoup/html/}}
}

@Misc{forelesning:tulpesh,
OPTkey = {•},
author = {Tulpesh Patel},
title = {Forelesningsføyler og notater},
OPThowpublished = {},
OPTmonth = {•},
year = {2014},
OPTnote = {Privat},
OPTannote = {•}
}

@book{book:utforming,
author = {Frode Eika Sandnes},
title = {Universell utforming av IKT-systemer},
publisher = {Universitetesforlaget},
year = {2011},
isbn10 = {8215014917},
isbn13={9788215014913}
}

@Book{book:desintsystems,
author = {David Benyon},
title = {Designing Interactive Systems},
publisher = {Pearson},
year = {2010},
isbn = {978-0-321-43533-0}
}

@book{norman2002design,
  title={The Design of Everyday Things},
  author={Norman, D.A.},
  isbn={9780465067107},
  lccn={08948989},
  url={http://books.google.no/books?id=w8pM72p\_dpoC},
  year={2002},
  publisher={Basic Books}
}

@book{nielsen2000designing,
  title={Designing Web Usability},
  author={Nielsen, J.},
  number={no. 667},
  isbn={9781562058104},
  lccn={99063014},
  series={Designing Web Usability},
  url={http://books.google.no/books?id=Mc1oL9wpWPMC},
  year={2000},
  publisher={New Riders}
}

@book{lazar2010research,
  title={Research Methods in Human-Computer Interaction},
  author={Lazar, J. and Feng, J.H. and Hochheiser, H.},
  isbn={9780470723371},
  lccn={2009033762},
  url={http://www.google.no/books?id=H\_r6prUFpc4C},
  year={2010},
  publisher={John Wiley \& Sons}
}